@article{javed2024,
    author = {Javed, A. and Singh, J.},
    title = {Process intensification for sustainable extraction of metals from e-waste: challenges and opportunities},
    journal = {Environmental Science and Pollution Research},
    volume = {31},
    pages = {9886--9919},
    year = {2024},
    doi = {10.1007/s11356-023-26433-3}
}